@book{aschbacher2000finite,
  title={{Finite Group Theory}},
  author={Aschbacher, Michael},
  volume={10},
  edition={{Second}},
  year={2000},
  publisher={Cambridge University Press}
}

@book{dummit-foote,
  title={{Abstract Algebra}},
  author={Dummit, David S and Foote, Richard M},
  edition={{Third}},
  year={2004},
  publisher={Wiley and Sons}
}

@book{gorenstein1980finite,
  title={{Finite Groups}},
  author={Gorenstein, Daniel},
  year={1980},
  edition={{Second}},
  publisher={Chelsea Publishing Company}
}

@article{kornilowicz2015definitional,
  title={{Definitional expansions in Mizar}},
  author={Korni{\l}owicz, Artur},
  journal={Journal of Automated Reasoning},
  volume={55},
  number={3},
  pages={257--268},
  year={2015},
  publisher={Springer}
}
