@string { fm = "{Formalized Mathematics}" }

@article{arneson2003witt,
  title={{Witt's Proof of the Wedderburn Theorem}},
  author={Arneson, Broderic and Baaz, Matthias and Rudnicki, Piotr},
  journal=fm,
  volume={12},
  pages={69--75},
  year={2003},
  key={Weddwitt},
  note={Eprint: \url{https://fm.mizar.org/2004-12/pdf12-1/weddwitt.pdf}}
}
@article{group5,
  title={{Commutator and Center of a Group}},
  author={Trybulec, Wojciech A},
  journal=fm,
  volume={2},
  number={4},
  pages={461--466},
  year={1991},
  key={{Group_5}},
  note={Eprint: \url{https://fm.mizar.org/1991-2/pdf2-4/group_5.pdf}}
}
